@Article{Benedek-Itai-1991,
    Author        = {Gyora M. Benedek and Alon Itai},
    Journal       = {Theoretical Computer Science},
    Number        = {2},
    Pages         = {377--389},
    Publisher     = {Elsevier},
    Title         = {Learnability with respect to fixed distributions},
    Volume        = {86},
    Year          = {1991},
}
